@article{Sipser,
 author = {Lichtenstein, David and Sipser, Michael},
 title = {GO Is Polynomial-Space Hard},
 journal = {J. ACM},
 issue_date = {April 1980},
 volume = {27},
 number = {2},
 month = apr,
 year = {1980},
 issn = {0004-5411},
 pages = {393--401},
 numpages = {9},
 url = {http://doi.acm.org/10.1145/322186.322201},
 doi = {10.1145/322186.322201},
 acmid = {322201},
 publisher = {ACM},
 address = {New York, NY, USA},
} 
@book{theoryofcomp,
  title={Introduction to the Theory of Computation},
  author={Sipser, Michael},
  year={2012},
  publisher={Cengage Learning}
}
@inproceedings{planargraph,
  title={Efficiently four-coloring planar graphs},
  author={Robertson, Neil and Sanders, Daniel P and Seymour, Paul and Thomas, Robin},
  booktitle={Proceedings of the twenty-eighth annual ACM symposium on Theory of computing},
  pages={571--575},
  year={1996},
  organization={ACM}
}
@misc{german,
title = {Translation Dictionary: German},
howpublished = "\url{http://www.translationdirectory.com/article693.htm}",
year = {2009} }
